@article{黒沢 征佑喜2022,
  title={KA法とUXの期間モデルを組み合わせた価値の可視化},
  author={黒沢 征佑喜 and 長谷川 敦士 and 谷 嘉偉 and 篠原 雅人 and 関根 諒介},
  journal={人間中心設計},
  volume={18},
  number={1},
  pages={14-20},
  year={2022},
  doi={10.34404/hcd.18.1_14}
}