@article{長谷川 敦士2007,
  title={人間中心設計教育における課題：},
  author={長谷川 敦士},
  journal={人間中心設計},
  volume={3},
  number={1},
  pages={83-86},
  year={2007},
  doi={10.34404/hcd.3.1_83}
}