@article{長谷川 敦士2016,
  title={サービスデザインの時代：顧客価値に基づくこれからの事業開発アプローチ},
  author={長谷川 敦士},
  journal={情報管理},
  volume={59},
  number={7},
  pages={441-448},
  year={2016},
  doi={10.1241/johokanri.59.441}
}