@article{bib1,
  title={KA法とUXの期間モデルを組み合わせた価値の可視化},
  author={黒沢, 征佑喜 and 長谷川, 敦士 and 谷, 嘉偉 and 篠原, 雅人 and 関根, 諒介},
  journal={人間中心設計},
  volume={18},
  number={1},
  pages={14-20},
  year={2022}
}

@article{bib2,
  title={人間中心設計教育における課題：},
  author={長谷川, 敦士},
  journal={人間中心設計},
  volume={3},
  number={1},
  pages={83-86},
  year={2007}
}

@article{bib3,
  title={サービスデザインの時代：顧客価値に基づくこれからの事業開発アプローチ},
  author={長谷川, 敦士},
  journal={情報管理},
  volume={59},
  number={7},
  pages={441-448},
  year={2016}
}